2494 3031
294 228 428 278 aere,
463 217 644 285 optime
663 211 945 267 deducenda
964 210 1109 264 venit.
1132 259 1138 264 ,
1175 211 1279 262 Hoc
1297 209 1566 261 saccharum
1594 227 1786 263 aereum
1815 210 1861 261 se
1889 212 2110 264 admovet
2134 213 2207 262 fo‘
2244 269 2247 271 ,

291 287 552 352 liis=plantae
571 285 848 336 succulentae
874 279 1085 348 frigidis,
1119 295 1227 346 quae
1254 277 1533 338 nonsolum,
1564 278 1706 328 instar
1755 278 1882 337 Kali,
1918 280 2204 345 specierum,

289 351 428 402 salina
450 353 579 412 sunt,
621 350 703 401 sed
727 350 868 401 etiam
908 365 995 417 per
1027 346 1260 412 integram
1292 345 1422 396 suam
1449 345 1749 396 substantiam
1769 345 1857 396 sale
1880 349 2062 396 marino
2116 349 2207 395 irn—

289 420 593 486 praegnata-&
617 420 793 484 repleta
812 416 1029 468 existunt.
1098 415 1157 462 Et
1173 413 1264 463 hoc
1283 430 1452 464 verum
1473 411 1596 474 effe,⁴
1630 413 1802 464 exinde
1832 422 2055 480 apparet:
2082 411 2209 468 beat.

293 485 733 551 Dom.Wehrkamp
755 501 812 535 ex
832 481 1060 534 littoribus
1088 479 1639 547 Katwykcenfibushanc
1660 483 1868 547 plantam
1899 480 2101 530 domum
2129 498 2212 546 ap-

291 563 503 621 portans,
540 551 660 601 nihil
677 567 893 618 unquam
912 551 963 599 in
980 548 1064 598 ista
1075 565 1164 600 nec
1175 547 1400 606 sacchari,
1420 563 1510 598 nec
1529 547 1794 598 dulcedinis
1816 545 2092 605 observavit,
2115 547 2211 598 sola

291 618 419 671 dulci
440 625 484 669 δι
503 618 749 669 communi
769 635 793 667 a
829 634 891 668 ua
911 616 968 668 ab
987 614 1350 667 Adhaerentibus
1372 613 1773 682 impuritatibus&
1792 630 1932 663 arena
1950 614 2136 673 lavavit,
2148 620 2208 676 ὅτ,

287 698 338 739 ut
358 686 624 746 siccaretur,
659 685 806 736 detra
841 702 867 735 e
887 684 946 734 ad
965 682 1161 750 parietes
1178 682 1229 734 in
1248 682 1539 750 hypocausto
1567 680 1651 732 suo
1676 680 1915 748 suspendit
1924 693 1941 741 ;
1972 681 2077 747 post
2107 681 2208 731 dies

291 752 649 822 quatuordecim
676 752 794 803 forte
814 753 1022 819 plantam
1046 749 1226 817 aspicit,
1261 757 1306 802 &
1334 748 1574 800 insolitum
1609 749 1660 798 in
1686 766 1740 800 ea
1771 748 2039 797 saccharum
2069 748 2209 797 dulce

289 829 332 873 ὅ(
354 819 514 870 album
535 819 796 871 offendit&
815 819 1022 869 miratur.
1091 820 1185 869 Has
1204 817 1402 868 sacchari
1431 816 1717 881 crystallulos
1738 814 1882 865 ,cultri
1905 813 2078 864 subtilis
2109 814 2207 864 acie

289 888 450 938 abrasit
468 893 512 938 ὅ(
531 885 716 953 capsula
746 887 955 954 quadam
974 884 1190 938 servavit.
1260 887 1474 951 Sequens
1501 882 1860 950 phoenomenon
1893 882 2098 931 maxime
2121 881 2208 930 mi-

286 955 492 1006 randum
515 954 610 1004 est:
645 971 757 1004 nam
778 954 1046 1004 saccharum
1066 970 1151 1020 per
1168 952 1371 1019 integras
1391 951 1575 1018 iniquas
1596 950 1795 1014 hyemes
1812 948 2000 1014 semper
2038 948 2098 999 de
2120 966 2212 998 no-

287 1041 352 1074 vo
363 1025 468 1089 plus
482 1020 583 1071 vice
604 1020 828 1087 simplici,
850 1021 999 1071 veteri
1024 1019 1180 1070 abraso
1200 1019 1439 1079 laccharo,
1475 1017 1589 1068 huic
1606 1019 1777 1084 plantae
1799 1016 1899 1077 (uti
1921 1022 1967 1066 ὅ(
1995 1014 2210 1081 pluribus

287 1090 385 1141 aliis
405 1087 692 1139 diversarum
712 1087 974 1155 specierum
995 1087 1127 1154 Algis
1145 1093 1190 1137 ὃ(
1208 1086 1344 1137 Fucis
1365 1085 1582 1145 mariniS,
1616 1083 1699 1135 sed
1725 1100 1827 1134 non
1855 1083 1907 1131 in
1928 1099 2099 1150 magna
2130 1099 2210 1132 co-

286 1157 394 1224 pia)
428 1155 474 1205 se
486 1155 752 1222 apponebat
768 1161 813 1206 &
832 1154 1178 1220 crystallisabat,
1215 1153 1296 1205 sed
1317 1170 1572 1220 nunquam
1591 1162 1687 1204 tam
1713 1148 1926 1219 copiose,
1948 1167 2092 1218 quam
2113 1147 2210 1217 pri·

285 1242 364 1275 ma
385 1223 514 1283 vice,
536 1222 621 1273 sub
654 1222 845 1273 initium
875 1222 1118 1280 autumni,
1153 1221 1339 1273 factum
1367 1219 1533 1271 fuerat.

420 1292 522 1340 Hoc
541 1307 739 1358 quoque
763 1291 1056 1351 notandum,
1091 1288 1224 1358 quod
1238 1290 1318 1340 hae
1336 1286 1563 1339 mirandae
1602 1283 1803 1337 sacchari
1824 1281 2021 1351 crystalli
2050 1280 2218 1332 micro·

283 1355 441 1423 scopio
463 1357 899 1417 confideratae,·non
919 1358 1056 1407 aliam
1076 1375 1172 1423 prae
1189 1355 1236 1407 se
1260 1358 1434 1408 ferrent
1451 1353 1645 1414 faciem,
1677 1370 1822 1419 quarn
1847 1351 2017 1419 pruina
2037 1348 2213 1402 habere

283 1424 454 1475 assolet.
526 1427 671 1491 Sapor
691 1422 831 1488 hujus
849 1424 1048 1475 sacchari
1067 1426 1119 1475 in
1138 1426 1260 1491 Alga
1281 1422 1468 1475 collecti
1490 1420 1746 1473 dulcedine
1774 1419 1853 1470 sua
1875 1430 2002 1487 grata
2020 1435 2120 1468 non
2138 1434 2212 1468 re-

281 1491 403 1542 cedit
423 1490 479 1541 ab
501 1492 598 1541 aliis
620 1490 817 1542 sacchari
837 1510 894 1543 ex
915 1492 1146 1542 arundine
1165 1491 1291 1544 coffi
1308 1489 1574 1558 speciebuss
1623 1492 1739 1538 Non
1757 1487 1856 1538 haec
1880 1496 2062 1537 tantum
2073 1488 2209 1553 Algae

280 1559 470 1634 specieS,
489 1563 513 1607 a
534 1561 652 1613 beat.
666 1559 1155 1625 Dom,Wehrkampio
1177 1559 1387 1617 inventa,
1408 1556 1490 1608 sed
1511 1563 1556 1608 ὅ(
1575 1554 1794 1623 quaedam
1817 1555 1915 1604 aliae
1934 1556 2102 1621 plantae
2114 1569 2212 1603 ma-

284 1643 421 1686 rmae,
459 1628 593 1692 Algae
612 1633 657 1677 ὃ(
685 1627 800 1676 Fuci
834 1626 884 1677 id
913 1626 1182 1677 saccharum
1204 1625 1443 1678 interdum
1474 1623 1713 1692 praebent,
1743 1622 1826 1674 sed
1847 1640 1948 1673 non
1973 1639 2025 1673 ea
2047 1621 2206 1687 copia,

283 1711 378 1760 qua
404 1697 511 1757 Aiga
520 1695 804 1757 sticcharifera
826 1698 1130 1760 Whrkampii.
1200 1698 1420 1746 Praeterea
1447 1709 1548 1743 non
1569 1691 1702 1741 omni
1730 1699 1944 1757 tempore
1962 1690 2062 1739 haec
2082 1691 2208 1754 Alga

281 1760 549 1810 saccharum
572 1760 784 1821 exhibet,
821 1763 901 1812 vel
924 1778 1022 1811 non
1044 1761 1412 1828 omnitempore
1439 1760 1536 1810 mel
1556 1768 1747 1809 a'e'reum
1777 1757 1828 1807 in
1856 1775 1911 1808 ea
1941 1755 2208 1820 crystallisa-

283 1838 388 1877 tum
403 1827 751 1878 inveniendum
769 1835 814 1879 &
836 1829 1184 1894 colligendum,
1207 1829 1287 1880 led
1307 1838 1496 1894 tempus
1516 1832 1708 1877 certum*
1723 1833 1768 1877 ὃ(
1794 1838 1944 1876 certus
1979 1836 2209 1889 tempera-

283 1904 356 1944 tus
382 1894 577 1961 quidam
600 1895 658 1944 ad
678 1894 818 1960 hujus
844 1895 1042 1946 sacchari
1065 1897 1420 1963 generationem
1450 1894 1690 1961 adaptatus
1712 1902 1812 1952 aer,
1851 1891 2059 1942 fervidus
2085 1892 2206 1956 inpr.

281 1961 552 2026 symbolum
571 1961 708 2013 suum
731 1962 934 2024 confert,
953 1963 1020 2013 uti
1038 1970 1082 2014 ὃ(
1100 1964 1231 2015 idem
1253 1962 1602 2015 observandum
1624 1962 1674 2010 in
1696 1960 1999 2029 generatione
2020 1961 2208 2008 Mannae

285 2029 485 2079 arboreae
507 2029 683 2090 Italicae‚
697 2030 969 2097 Hispanicae,
984 2032 1191 2093 Gallicae,
1209 2033 1419 2096 Syriacae‚
1432 2029 1634 2088 Perficae,
1652 2035 1735 2080 &a
1760 2044 1866 2096 quae
1887 2025 2017 2091 juxta
2038 2027 2082 2074 N
2087 2035 2214 2075 eote-

283 2096 486 2147 ricorum
513 2094 818 2163 opiniOnem,
840 2116 940 2148 non
966 2097 1127 2148 succus
1148 2097 1420 2166 vegetabilis
1443 2097 1511 2147 est
1530 2095 1778 2156 arborum,
1807 2094 1942 2154 Orni,
1961 2093 2206 2160 juniperi,

281 2164 466 2215 Fraxini
483 2171 569 2216 &a
591 2164 666 2215 sed
684 2164 839 2232 potius
860 2167 959 2215 mel
980 2175 1185 2225 aereum,
1210 2165 1345 2234 quod
1363 2181 1464 2214 non
1483 2173 1666 2213 tantum
1677 2178 1873 2230 quoque
1893 2160 1942 2209 in
1965 2161 2060 2209 aliis
2074 2159 2206 2208 arbo·
2231 2192 2237 2197 -

278 2230 406 2281 ribus
425 2248 523 2281 non
543 2231 824 2293 nominatiS,
852 2232 1095 2284 sedetiam
1125 2236 1175 2284 in
1203 2232 1339 2284 variis
1368 2230 1525 2282 herbis
1544 2271 1559 2293 ‚
1603 2229 1838 2298 lapidibus
1865 2235 1909 2279 ὅ(
1930 2227 2086 2277 multis
2108 2225 2205 2275 aliis

281 2297 475 2348 diversis
496 2299 635 2349 rebus
665 2299 855 2349 obviam
883 2301 1225 2367 reperiundum
1246 2299 1341 2359 est,
1360 2298 1552 2349 testibus
1579 2299 1690 2348 Ant.
1720 2295 1977 2362 Deufingio
2007 2294 2204 2344 fascicul.

281 2364 446 2414 dissert.
468 2365 628 2418 select.
641 2367 736 2416 Tit.
758 2367 819 2416 de
839 2369 1014 2417 Manna
1032 2375 1074 2419 ὅ(
1087 2369 1324 2418 Saccharo.
1341 2363 1953 2432 it.Enge1bert.Kampffero
1972 2363 2020 2412 in
2035 2377 2204 2411 amu-n.

282 2433 443 2482 exotic.
456 2433 502 2482 it.
515 2435 552 2483 F
554 2453 586 2483 r.
601 2437 725 2499 Ang·
744 2438 768 2495 a
787 2438 844 2483 St.
858 2434 1047 2500 Joseph.
1061 2433 1528 2502 Pharmacop.Perfic.
1550 2450 1595 2499 p.
1609 2437 1694 2496 361.
1715 2442 1814 2494 362.
1830 2442 1918 2494 363:
1935 2437 2016 2480 &a
2039 2428 2121 2477 sub
2149 2429 2204 2476 ti-

282 2502 381 2548 tulo
402 2500 600 2550 Schakar
617 2504 675 2550 El
695 2501 986 2551 Mai-Ascher.
1013 2503 1104 2552 vid.
1119 2503 1331 2553 Matthiol
1366 2501 1418 2551 in
1449 2501 1699 2551 Dioscorid.
1720 2504 1768 2550 L.
1791 2518 1821 2550 1.
1846 2518 1881 2549 c⁴
1903 2514 1965 2559 37.
1989 2500 2121 2546 Garz.
2144 2494 2202 2544 ab

280 2566 428 2618 Horto
450 2579 711 2618 aromatum
734 2575 776 2619 &
799 2567 1083 2634 fimplicium
1104 2571 1273 2622 medic.
1299 2569 1414 2620 Hist.
1432 2573 1482 2620 L.
1496 2585 1527 2617 1.
1552 2586 1589 2618 c.
1610 2571 1688 2618 XI.
1714 2569 1762 2616 lt.
1789 2571 1943 2632 Serap.
1967 2567 2024 2614 de
2047 2562 2199 2630 simpl.

280 2634 452 2685 medic.
466 2650 506 2684 c.
519 2649 562 2686 2.
582 2642 665 2687 &c.
714 2636 959 2686 Avicenna
978 2639 1026 2686 L.
1042 2655 1086 2688 2.
1106 2639 1287 2688 Canon.
1300 2655 1397 2702 cap.
1419 2637 1480 2688 de
1502 2635 1806 2688 Tereniabin.
1875 2636 1942 2682 Ex
1963 2632 2034 2681 his
2055 2641 2200 2680 mate-

281 2700 360 2751 riae
383 2700 577 2752 medicae
594 2703 831 2753 autoribus
845 2702 1034 2754 abunde
1054 2717 1195 2771 patet,
1216 2705 1568 2772 generationem
1580 2707 1780 2761 Mannae,
1804 2699 2052 2767 &quidem
2068 2697 2203 2766 quod

285 2769 345 2820 ad
365 2779 519 2820 ortum
541 2777 585 2822 ὃ(
602 2770 825 2838 genesin,
860 2771 1017 2824 adhuc
1038 2772 1441 2903 valdefibscuram
1462 2771 1551 2825 ess‘e
1570 2810 1584 2830 ‚
1612 2787 1701 2823 nec
1730 2769 1862 2821 facile
1883 2767 2202 2883 credendurps,

1268 2855 1289 2904 3
2109 2850 2134 2885 e
2174 2848 2202 2883 e
